<?xml version="1.0" encoding="UTF-8"?><collection xmlns="http://www.loc.gov/MARC21/slim"><record><leader>00469nam--2200145-i-4500</leader><controlfield tag="001">000011960</controlfield><controlfield tag="002">20161230</controlfield><controlfield tag="005">20161230201029</controlfield><controlfield tag="008">060222s1000------------r-----000-0-eng-d</controlfield><datafield ind1=" " ind2=" " tag="100"><subfield code="a">Caracostea, D</subfield></datafield><datafield ind1=" " ind2=" " tag="245"><subfield code="a">Manual pentru calculul constructiilor. coordonare: andrei d.caracostea vol.1: bazele teoretice de calcul al construct iilor</subfield></datafield><datafield ind1=" " ind2=" " tag="260"><subfield code="a">Bucuresti, Editura Tehnica, 1977</subfield></datafield><datafield ind1=" " ind2=" " tag="490"><subfield code="a">I.F.U.B., 91 (Nuovo Cimento, 7, 866, 1958)</subfield></datafield><datafield ind1=" " ind2=" " tag="700"><subfield code="a">..</subfield></datafield><datafield ind1=" " ind2=" " tag="852"><subfield code="a">624.04</subfield></datafield></record></collection>